<?xml version="1.0" encoding="UTF-8"?><record xmlns="http://www.loc.gov/MARC21/slim" xmlns:cinclude="http://apache.org/cocoon/include/1.0" xmlns:zs="http://www.loc.gov/zing/srw/">
  <leader>00277nz  a2200121n  4500</leader>
  <controlfield tag="001">nr 99017474 </controlfield>
  <controlfield tag="003">DLC</controlfield>
  <controlfield tag="005">19990605051428.4</controlfield>
  <controlfield tag="008">990601n| acannaab|          |n aaa     c</controlfield>
  <datafield tag="010" ind1=" " ind2=" ">
    <subfield code="a">nr 99017474 </subfield>
  </datafield>
  <datafield tag="040" ind1=" " ind2=" ">
    <subfield code="a">UkCU</subfield>
    <subfield code="b">eng</subfield>
    <subfield code="c">UkCU</subfield>
  </datafield>
  <datafield tag="100" ind1="0" ind2=" ">
    <subfield code="a">Ralf</subfield>
  </datafield>
  <datafield tag="670" ind1=" " ind2=" ">
    <subfield code="a">Kokovoko, 1999?:</subfield>
    <subfield code="b">t.p. (Ralf)</subfield>
  </datafield>
</record>